%% This BibTeX bibliography file was created using BibDesk.
%% https://bibdesk.sourceforge.io/

%% Created for 于晗丹 at 2021-09-19 22:20:45 +0800 


%% Saved with string encoding Unicode (UTF-8) 
@INPROCEEDINGS{9253767,  
author={Cruz de la Cruz, Jose Emmanuel and Romero Goyzueta, Christian Augusto and Cahuana, Cristian Delgado},  
booktitle={2020 IEEE Engineering International Research Conference (EIRCON)},  
 title={Open VProxy: Low Cost Squid Proxy Based Teleworking Environment with OpenVPN Encrypted Tunnels to Provide Confidentiality, Integrity and Availability},   
 year={2020},  volume={},  number={},  pages={1-4},  doi={10.1109/EIRCON51178.2020.9253767}}
@INPROCEEDINGS{6407698,  author={Thanh, Pham Ngoc and Kim, Keecheon},  booktitle={2012 IEEE 31st International Performance Computing and Communications Conference (IPCCC)},   title={A methodology for implementation and integration Two-Factor Authentication into VPN},   year={2012},  volume={},  number={},  pages={195-196},  doi={10.1109/PCCC.2012.6407698}}
@INPROCEEDINGS{8648064,  author={Arfaoui, Amel and Kribeche, Ali and Senouci, Sidi Mohammed and Hamdi, Mohamed},  booktitle={2018 IEEE Global Communications Conference (GLOBECOM)},   title={Game-Based Adaptive Remote Access VPN for IoT: Application to e-Health},   year={2018},  volume={},  number={},  pages={1-7},  doi={10.1109/GLOCOM.2018.8648064}}
@INPROCEEDINGS{8758010,  author={Lackorzynski, Tim and Köpsell, Stefan and Strufe, Thorsten},  booktitle={2019 15th IEEE International Workshop on Factory Communication Systems (WFCS)},   title={A Comparative Study on Virtual Private Networks for Future Industrial Communication Systems},   year={2019},  volume={},  number={},  pages={1-8},  doi={10.1109/WFCS.2019.8758010}}
@INPROCEEDINGS{6006134,  author={Chen, Wen shi and Liu, Chunxiao},  booktitle={2011 International Conference on Internet Technology and Applications},   title={The Applied Research of ECC Encryption Algorithm in VPN Technology},   year={2011},  volume={},  number={},  pages={1-4},  doi={10.1109/ITAP.2011.6006134}}
@INPROCEEDINGS{9482283,  author={Liu, Rui and Zheng, Yuanbing and Yang, Yun and Chao, Yujian and Li, Yang and Yan, Yuhang},  booktitle={2021 IEEE 4th Advanced Information Management, Communicates, Electronic and Automation Control Conference (IMCEC)},   title={Research on Secure Access Technology of Electric Power Wireless Private Network Based on Hybrid Encryption},   year={2021},  volume={4},  number={},  pages={69-74},  doi={10.1109/IMCEC51613.2021.9482283}}
@INPROCEEDINGS{9017047,  author={Qin, Hao and Li, Zhi and Hu, Peng and Zhang, Yulong and Dai, Yuwen},  booktitle={2019 12th International Conference on Intelligent Computation Technology and Automation (ICICTA)},   title={Research on Point-To-Point Encryption Method of Power System Communication Data Based on Block Chain Technology},   year={2019},  volume={},  number={},  pages={328-332},  doi={10.1109/ICICTA49267.2019.00076}}
@INPROCEEDINGS{7568518,  author={Jin, Yong and Tomoishi, Masahiko and Matsuura, Satoshi},  booktitle={2016 25th International Conference on Computer Communication and Networks (ICCCN)},   title={Enhancement of VPN Authentication Using GPS Information with Geo-Privacy Protection},   year={2016},  volume={},  number={},  pages={1-6},  doi={10.1109/ICCCN.2016.7568518}}
@INPROCEEDINGS{6296089,  author={Uskov, Alexander V.},  booktitle={2012 IEEE 11th International Conference on Trust, Security and Privacy in Computing and Communications},   title={Information Security of IPsec-based Mobile VPN: Authentication and Encryption Algorithms Performance},   year={2012},  volume={},  number={},  pages={1042-1048},  doi={10.1109/TrustCom.2012.187}}
@INPROCEEDINGS{7492654,  author={Garg, Richa and Gupta, Mayank and Amin, Ruhul and Patel, Kalgi and Islam, SK Hafizul and Biswas, G. P.},  booktitle={2015 International Conference on Trends in Automation, Communications and Computing Technology (I-TACT-15)},   title={Design of secure authentication protocol in SOCKS V5 for VPN using mobile phone},   year={2015},  volume={},  number={},  pages={1-6},  doi={10.1109/ITACT.2015.7492654}}
@INPROCEEDINGS{8411922,  author={Wang, Guanqun and Sun, Yunxiao and He, Qinggang and Xin, Guodong and Wang, Bailing},  booktitle={2018 IEEE Third International Conference on Data Science in Cyberspace (DSC)},   title={A Content Auditing Method of IPsec VPN},   year={2018},  volume={},  number={},  pages={634-639},  doi={10.1109/DSC.2018.00101}}
@INPROCEEDINGS{9182437,  author={Zhou, Yimin and Zhang, Kai},  booktitle={2020 IEEE International Conference on Artificial Intelligence and Computer Applications (ICAICA)},   title={DoS Vulnerability Verification of IPSec VPN},   year={2020},  volume={},  number={},  pages={698-702},  doi={10.1109/ICAICA50127.2020.9182437}}
@INPROCEEDINGS{8406192,  author={Shif, Linda and Wang, Fei and Lung, Chung-Homg},  booktitle={NOMS 2018 - 2018 IEEE/IFIP Network Operations and Management Symposium},   title={Improvement of security and scalability for IoT network using SD-VPN},   year={2018},  volume={},  number={},  pages={1-5},  doi={10.1109/NOMS.2018.8406192}}
@INPROCEEDINGS{9020514,  author={Jones, Joshua and Wimmer, Hayden and Haddad, Rami J.},  booktitle={2019 SoutheastCon},   title={PPTP VPN: An Analysis of the Effects of a DDoS Attack},   year={2019},  volume={},  number={},  pages={1-6},  doi={10.1109/SoutheastCon42311.2019.9020514}}
@INPROCEEDINGS{9418865,  author={Xu, Zhiwei and Ni, Jie},  booktitle={2020 International Conference on Information Science and Education (ICISE-IE)},   title={Research on network security of VPN technology},   year={2020},  volume={},  number={},  pages={539-542},  doi={10.1109/ICISE51755.2020.00121}}